%YAML 1.1
%TAG !u! tag:unity3d.com,2011:
--- !u!29 &1
OcclusionCullingSettings:
  m_ObjectHideFlags: 0
  serializedVersion: 2
  m_OcclusionBakeSettings:
    smallestOccluder: 5
    smallestHole: 0.25
    backfaceThreshold: 100
  m_SceneGUID: 00000000000000000000000000000000
  m_OcclusionCullingData: {fileID: 0}
--- !u!104 &2
RenderSettings:
  m_ObjectHideFlags: 0
  serializedVersion: 9
  m_Fog: 0
  m_FogColor: {r: 0.5, g: 0.5, b: 0.5, a: 1}
  m_FogMode: 3
  m_FogDensity: 0.01
  m_LinearFogStart: 0
  m_LinearFogEnd: 300
  m_AmbientSkyColor: {r: 0.21176471, g: 0.22745098, b: 0.25882354, a: 1}
  m_AmbientEquatorColor: {r: 0.114, g: 0.125, b: 0.133, a: 1}
  m_AmbientGroundColor: {r: 0.047, g: 0.043, b: 0.035, a: 1}
  m_AmbientIntensity: 1
  m_AmbientMode: 3
  m_SubtractiveShadowColor: {r: 0.42, g: 0.478, b: 0.627, a: 1}
  m_SkyboxMaterial: {fileID: 0}
  m_HaloStrength: 0.5
  m_FlareStrength: 1
  m_FlareFadeSpeed: 3
  m_HaloTexture: {fileID: 0}
  m_SpotCookie: {fileID: 10001, guid: 0000000000000000e000000000000000, type: 0}
  m_DefaultReflectionMode: 0
  m_DefaultReflectionResolution: 128
  m_ReflectionBounces: 1
  m_ReflectionIntensity: 1
  m_CustomReflection: {fileID: 0}
  m_Sun: {fileID: 0}
  m_IndirectSpecularColor: {r: 0, g: 0, b: 0, a: 1}
  m_UseRadianceAmbientProbe: 0
--- !u!157 &3
LightmapSettings:
  m_ObjectHideFlags: 0
  serializedVersion: 12
  m_GIWorkflowMode: 1
  m_GISettings:
    serializedVersion: 2
    m_BounceScale: 1
    m_IndirectOutputScale: 1
    m_AlbedoBoost: 1
    m_EnvironmentLightingMode: 0
    m_EnableBakedLightmaps: 0
    m_EnableRealtimeLightmaps: 0
  m_LightmapEditorSettings:
    serializedVersion: 12
    m_Resolution: 2
    m_BakeResolution: 40
    m_AtlasSize: 1024
    m_AO: 0
    m_AOMaxDistance: 1
    m_CompAOExponent: 1
    m_CompAOExponentDirect: 0
    m_ExtractAmbientOcclusion: 0
    m_Padding: 2
    m_LightmapParameters: {fileID: 0}
    m_LightmapsBakeMode: 1
    m_TextureCompression: 1
    m_FinalGather: 0
    m_FinalGatherFiltering: 1
    m_FinalGatherRayCount: 256
    m_ReflectionCompression: 2
    m_MixedBakeMode: 2
    m_BakeBackend: 0
    m_PVRSampling: 1
    m_PVRDirectSampleCount: 32
    m_PVRSampleCount: 500
    m_PVRBounces: 2
    m_PVREnvironmentSampleCount: 500
    m_PVREnvironmentReferencePointCount: 2048
    m_PVRFilteringMode: 2
    m_PVRDenoiserTypeDirect: 0
    m_PVRDenoiserTypeIndirect: 0
    m_PVRDenoiserTypeAO: 0
    m_PVRFilterTypeDirect: 0
    m_PVRFilterTypeIndirect: 0
    m_PVRFilterTypeAO: 0
    m_PVREnvironmentMIS: 0
    m_PVRCulling: 1
    m_PVRFilteringGaussRadiusDirect: 1
    m_PVRFilteringGaussRadiusIndirect: 5
    m_PVRFilteringGaussRadiusAO: 2
    m_PVRFilteringAtrousPositionSigmaDirect: 0.5
    m_PVRFilteringAtrousPositionSigmaIndirect: 2
    m_PVRFilteringAtrousPositionSigmaAO: 1
    m_ExportTrainingData: 0
    m_TrainingDataDestination: TrainingData
    m_LightProbeSampleCountMultiplier: 4
  m_LightingDataAsset: {fileID: 0}
  m_LightingSettings: {fileID: 4890085278179872738, guid: 8bd0d30b4770d9d49a97bc90fd570a43,
    type: 2}
--- !u!196 &4
NavMeshSettings:
  serializedVersion: 2
  m_ObjectHideFlags: 0
  m_BuildSettings:
    serializedVersion: 2
    agentTypeID: 0
    agentRadius: 0.5
    agentHeight: 2
    agentSlope: 45
    agentClimb: 0.4
    ledgeDropHeight: 0
    maxJumpAcrossDistance: 0
    minRegionArea: 2
    manualCellSize: 0
    cellSize: 0.16666667
    manualTileSize: 0
    tileSize: 256
    accuratePlacement: 0
    maxJobWorkers: 0
    preserveTilesOutsideBounds: 0
    debug:
      m_Flags: 0
  m_NavMeshData: {fileID: 0}
--- !u!1 &9085629
GameObject:
  m_ObjectHideFlags: 0
  m_CorrespondingSourceObject: {fileID: 0}
  m_PrefabInstance: {fileID: 0}
  m_PrefabAsset: {fileID: 0}
  serializedVersion: 6
  m_Component:
  - component: {fileID: 9085630}
  m_Layer: 0
  m_Name: Foreground
  m_TagString: Untagged
  m_Icon: {fileID: 0}
  m_NavMeshLayer: 0
  m_StaticEditorFlags: 0
  m_IsActive: 1
--- !u!4 &9085630
Transform:
  m_ObjectHideFlags: 0
  m_CorrespondingSourceObject: {fileID: 0}
  m_PrefabInstance: {fileID: 0}
  m_PrefabAsset: {fileID: 0}
  m_GameObject: {fileID: 9085629}
  m_LocalRotation: {x: 0, y: 0, z: 0, w: 1}
  m_LocalPosition: {x: 0, y: 0, z: 0}
  m_LocalScale: {x: 1, y: 1, z: 1}
  m_Children:
  - {fileID: 216910853}
  - {fileID: 7685040804079801866}
  m_Father: {fileID: 0}
  m_RootOrder: 4
  m_LocalEulerAnglesHint: {x: 0, y: 0, z: 0}
--- !u!1 &216910852
GameObject:
  m_ObjectHideFlags: 0
  m_CorrespondingSourceObject: {fileID: 0}
  m_PrefabInstance: {fileID: 0}
  m_PrefabAsset: {fileID: 0}
  serializedVersion: 6
  m_Component:
  - component: {fileID: 216910853}
  m_Layer: 0
  m_Name: Platforms
  m_TagString: Untagged
  m_Icon: {fileID: 0}
  m_NavMeshLayer: 0
  m_StaticEditorFlags: 0
  m_IsActive: 1
--- !u!4 &216910853
Transform:
  m_ObjectHideFlags: 0
  m_CorrespondingSourceObject: {fileID: 0}
  m_PrefabInstance: {fileID: 0}
  m_PrefabAsset: {fileID: 0}
  m_GameObject: {fileID: 216910852}
  m_LocalRotation: {x: 0, y: 0, z: 0, w: 1}
  m_LocalPosition: {x: 0, y: 0, z: 0}
  m_LocalScale: {x: 1, y: 1, z: 1}
  m_Children:
  - {fileID: 4258051636917363463}
  - {fileID: 5538217451564298391}
  - {fileID: 1106416190}
  - {fileID: 1691713925}
  - {fileID: 2131865053}
  - {fileID: 4581071653048945068}
  - {fileID: 8433899216477897598}
  - {fileID: 1543683680}
  - {fileID: 1376771694}
  m_Father: {fileID: 9085630}
  m_RootOrder: 0
  m_LocalEulerAnglesHint: {x: 0, y: 0, z: 0}
--- !u!4 &494796889 stripped
Transform:
  m_CorrespondingSourceObject: {fileID: 7054873897137691511, guid: 405e0362c227b8a4b9d2b33aa74f059f,
    type: 3}
  m_PrefabInstance: {fileID: 7054873897631937712}
  m_PrefabAsset: {fileID: 0}
--- !u!1 &519420028
GameObject:
  m_ObjectHideFlags: 0
  m_CorrespondingSourceObject: {fileID: 0}
  m_PrefabInstance: {fileID: 0}
  m_PrefabAsset: {fileID: 0}
  serializedVersion: 6
  m_Component:
  - component: {fileID: 519420032}
  - component: {fileID: 519420031}
  - component: {fileID: 519420029}
  - component: {fileID: 519420030}
  - component: {fileID: 519420033}
  m_Layer: 0
  m_Name: Main Camera
  m_TagString: MainCamera
  m_Icon: {fileID: 0}
  m_NavMeshLayer: 0
  m_StaticEditorFlags: 0
  m_IsActive: 1
--- !u!81 &519420029
AudioListener:
  m_ObjectHideFlags: 0
  m_CorrespondingSourceObject: {fileID: 0}
  m_PrefabInstance: {fileID: 0}
  m_PrefabAsset: {fileID: 0}
  m_GameObject: {fileID: 519420028}
  m_Enabled: 1
--- !u!114 &519420030
MonoBehaviour:
  m_ObjectHideFlags: 0
  m_CorrespondingSourceObject: {fileID: 0}
  m_PrefabInstance: {fileID: 0}
  m_PrefabAsset: {fileID: 0}
  m_GameObject: {fileID: 519420028}
  m_Enabled: 1
  m_EditorHideFlags: 0
  m_Script: {fileID: 11500000, guid: a79441f348de89743a2939f4d699eac1, type: 3}
  m_Name: 
  m_EditorClassIdentifier: 
  m_RenderShadows: 1
  m_RequiresDepthTextureOption: 2
  m_RequiresOpaqueTextureOption: 2
  m_CameraType: 0
  m_Cameras: []
  m_RendererIndex: -1
  m_VolumeLayerMask:
    serializedVersion: 2
    m_Bits: 1
  m_VolumeTrigger: {fileID: 0}
  m_RenderPostProcessing: 1
  m_Antialiasing: 0
  m_AntialiasingQuality: 2
  m_StopNaN: 0
  m_Dithering: 0
  m_ClearDepth: 1
  m_AllowXRRendering: 1
  m_RequiresDepthTexture: 0
  m_RequiresColorTexture: 0
  m_Version: 2
--- !u!20 &519420031
Camera:
  m_ObjectHideFlags: 0
  m_CorrespondingSourceObject: {fileID: 0}
  m_PrefabInstance: {fileID: 0}
  m_PrefabAsset: {fileID: 0}
  m_GameObject: {fileID: 519420028}
  m_Enabled: 1
  serializedVersion: 2
  m_ClearFlags: 2
  m_BackGroundColor: {r: 0.19215687, g: 0.3019608, b: 0.4745098, a: 0}
  m_projectionMatrixMode: 1
  m_GateFitMode: 2
  m_FOVAxisMode: 0
  m_SensorSize: {x: 36, y: 24}
  m_LensShift: {x: 0, y: 0}
  m_FocalLength: 50
  m_NormalizedViewPortRect:
    serializedVersion: 2
    x: 0
    y: 0
    width: 1
    height: 1
  near clip plane: 0.3
  far clip plane: 1000
  field of view: 60
  orthographic: 1
  orthographic size: 5.5
  m_Depth: -1
  m_CullingMask:
    serializedVersion: 2
    m_Bits: 4294967295
  m_RenderingPath: -1
  m_TargetTexture: {fileID: 0}
  m_TargetDisplay: 0
  m_TargetEye: 0
  m_HDR: 1
  m_AllowMSAA: 0
  m_AllowDynamicResolution: 0
  m_ForceIntoRT: 0
  m_OcclusionCulling: 0
  m_StereoConvergence: 10
  m_StereoSeparation: 0.022
--- !u!4 &519420032
Transform:
  m_ObjectHideFlags: 0
  m_CorrespondingSourceObject: {fileID: 0}
  m_PrefabInstance: {fileID: 0}
  m_PrefabAsset: {fileID: 0}
  m_GameObject: {fileID: 519420028}
  m_LocalRotation: {x: -0, y: -0, z: -0, w: 1}
  m_LocalPosition: {x: 0, y: 0, z: -10}
  m_LocalScale: {x: 1, y: 1, z: 1}
  m_Children: []
  m_Father: {fileID: 0}
  m_RootOrder: 0
  m_LocalEulerAnglesHint: {x: 0, y: 0, z: 0}
--- !u!114 &519420033
MonoBehaviour:
  m_ObjectHideFlags: 0
  m_CorrespondingSourceObject: {fileID: 0}
  m_PrefabInstance: {fileID: 0}
  m_PrefabAsset: {fileID: 0}
  m_GameObject: {fileID: 519420028}
  m_Enabled: 1
  m_EditorHideFlags: 0
  m_Script: {fileID: 11500000, guid: 948f4100a11a5c24981795d21301da5c, type: 3}
  m_Name: 
  m_EditorClassIdentifier: 
  volumeTrigger: {fileID: 519420032}
  volumeLayer:
    serializedVersion: 2
    m_Bits: 256
  stopNaNPropagation: 1
  finalBlitToCameraTarget: 0
  antialiasingMode: 0
  temporalAntialiasing:
    jitterSpread: 0.75
    sharpness: 0.25
    stationaryBlending: 0.95
    motionBlending: 0.85
  subpixelMorphologicalAntialiasing:
    quality: 2
  fastApproximateAntialiasing:
    fastMode: 0
    keepAlpha: 0
  fog:
    enabled: 1
    excludeSkybox: 1
  debugLayer:
    lightMeter:
      width: 512
      height: 256
      showCurves: 1
    histogram:
      width: 512
      height: 256
      channel: 3
    waveform:
      exposure: 0.12
      height: 256
    vectorscope:
      size: 256
      exposure: 0.12
    overlaySettings:
      linearDepth: 0
      motionColorIntensity: 4
      motionGridSize: 64
      colorBlindnessType: 0
      colorBlindnessStrength: 1
  m_Resources: {fileID: 11400000, guid: d82512f9c8e5d4a4d938b575d47f88d4, type: 2}
  m_ShowToolkit: 0
  m_ShowCustomSorter: 0
  breakBeforeColorGrading: 0
  m_BeforeTransparentBundles: []
  m_BeforeStackBundles: []
  m_AfterStackBundles: []
--- !u!1 &901657387
GameObject:
  m_ObjectHideFlags: 0
  m_CorrespondingSourceObject: {fileID: 0}
  m_PrefabInstance: {fileID: 0}
  m_PrefabAsset: {fileID: 0}
  serializedVersion: 6
  m_Component:
  - component: {fileID: 901657388}
  m_Layer: 0
  m_Name: Middleground
  m_TagString: Untagged
  m_Icon: {fileID: 0}
  m_NavMeshLayer: 0
  m_StaticEditorFlags: 0
  m_IsActive: 1
--- !u!4 &901657388
Transform:
  m_ObjectHideFlags: 0
  m_CorrespondingSourceObject: {fileID: 0}
  m_PrefabInstance: {fileID: 0}
  m_PrefabAsset: {fileID: 0}
  m_GameObject: {fileID: 901657387}
  m_LocalRotation: {x: 0, y: 0, z: 0, w: 1}
  m_LocalPosition: {x: 0, y: 0, z: 5}
  m_LocalScale: {x: 1, y: 1, z: 1}
  m_Children: []
  m_Father: {fileID: 0}
  m_RootOrder: 3
  m_LocalEulerAnglesHint: {x: 0, y: 0, z: 0}
--- !u!1001 &1106416189
PrefabInstance:
  m_ObjectHideFlags: 0
  serializedVersion: 2
  m_Modification:
    m_TransformParent: {fileID: 216910853}
    m_Modifications:
    - target: {fileID: 1484939122296017470, guid: 785c879ccae0d3040b7420dabe43923e,
        type: 3}
      propertyPath: m_Materials.Array.data[0]
      value: 
      objectReference: {fileID: 0}
    - target: {fileID: 4581071654575013969, guid: 785c879ccae0d3040b7420dabe43923e,
        type: 3}
      propertyPath: m_RootOrder
      value: 2
      objectReference: {fileID: 0}
    - target: {fileID: 4581071654575013969, guid: 785c879ccae0d3040b7420dabe43923e,
        type: 3}
      propertyPath: m_LocalPosition.x
      value: 4.1
      objectReference: {fileID: 0}
    - target: {fileID: 4581071654575013969, guid: 785c879ccae0d3040b7420dabe43923e,
        type: 3}
      propertyPath: m_LocalPosition.y
      value: -0.65
      objectReference: {fileID: 0}
    - target: {fileID: 4581071654575013969, guid: 785c879ccae0d3040b7420dabe43923e,
        type: 3}
      propertyPath: m_LocalPosition.z
      value: 0
      objectReference: {fileID: 0}
    - target: {fileID: 4581071654575013969, guid: 785c879ccae0d3040b7420dabe43923e,
        type: 3}
      propertyPath: m_LocalRotation.w
      value: 1
      objectReference: {fileID: 0}
    - target: {fileID: 4581071654575013969, guid: 785c879ccae0d3040b7420dabe43923e,
        type: 3}
      propertyPath: m_LocalRotation.x
      value: -0
      objectReference: {fileID: 0}
    - target: {fileID: 4581071654575013969, guid: 785c879ccae0d3040b7420dabe43923e,
        type: 3}
      propertyPath: m_LocalRotation.y
      value: -0
      objectReference: {fileID: 0}
    - target: {fileID: 4581071654575013969, guid: 785c879ccae0d3040b7420dabe43923e,
        type: 3}
      propertyPath: m_LocalRotation.z
      value: -0
      objectReference: {fileID: 0}
    - target: {fileID: 4581071654575013969, guid: 785c879ccae0d3040b7420dabe43923e,
        type: 3}
      propertyPath: m_LocalEulerAnglesHint.x
      value: 0
      objectReference: {fileID: 0}
    - target: {fileID: 4581071654575013969, guid: 785c879ccae0d3040b7420dabe43923e,
        type: 3}
      propertyPath: m_LocalEulerAnglesHint.y
      value: 0
      objectReference: {fileID: 0}
    - target: {fileID: 4581071654575013969, guid: 785c879ccae0d3040b7420dabe43923e,
        type: 3}
      propertyPath: m_LocalEulerAnglesHint.z
      value: 0
      objectReference: {fileID: 0}
    - target: {fileID: 6362299182746403731, guid: 785c879ccae0d3040b7420dabe43923e,
        type: 3}
      propertyPath: m_Name
      value: PlatformSmall2
      objectReference: {fileID: 0}
    m_RemovedComponents: []
  m_SourcePrefab: {fileID: 100100000, guid: 785c879ccae0d3040b7420dabe43923e, type: 3}
--- !u!4 &1106416190 stripped
Transform:
  m_CorrespondingSourceObject: {fileID: 4581071654575013969, guid: 785c879ccae0d3040b7420dabe43923e,
    type: 3}
  m_PrefabInstance: {fileID: 1106416189}
  m_PrefabAsset: {fileID: 0}
--- !u!1001 &1125520460
PrefabInstance:
  m_ObjectHideFlags: 0
  serializedVersion: 2
  m_Modification:
    m_TransformParent: {fileID: 494796889}
    m_Modifications:
    - target: {fileID: 2493243346043288417, guid: 562045ebe5b390a45ba54f8cf1a99d6f,
        type: 3}
      propertyPath: m_RootOrder
      value: 1
      objectReference: {fileID: 0}
    - target: {fileID: 2493243346043288417, guid: 562045ebe5b390a45ba54f8cf1a99d6f,
        type: 3}
      propertyPath: m_LocalScale.y
      value: 1
      objectReference: {fileID: 0}
    - target: {fileID: 2493243346043288417, guid: 562045ebe5b390a45ba54f8cf1a99d6f,
        type: 3}
      propertyPath: m_LocalScale.z
      value: 1
      objectReference: {fileID: 0}
    - target: {fileID: 2493243346043288417, guid: 562045ebe5b390a45ba54f8cf1a99d6f,
        type: 3}
      propertyPath: m_LocalPosition.x
      value: 0
      objectReference: {fileID: 0}
    - target: {fileID: 2493243346043288417, guid: 562045ebe5b390a45ba54f8cf1a99d6f,
        type: 3}
      propertyPath: m_LocalPosition.y
      value: 8.04
      objectReference: {fileID: 0}
    - target: {fileID: 2493243346043288417, guid: 562045ebe5b390a45ba54f8cf1a99d6f,
        type: 3}
      propertyPath: m_LocalPosition.z
      value: -14.48
      objectReference: {fileID: 0}
    - target: {fileID: 2493243346043288417, guid: 562045ebe5b390a45ba54f8cf1a99d6f,
        type: 3}
      propertyPath: m_LocalRotation.w
      value: 0.7071068
      objectReference: {fileID: 0}
    - target: {fileID: 2493243346043288417, guid: 562045ebe5b390a45ba54f8cf1a99d6f,
        type: 3}
      propertyPath: m_LocalRotation.x
      value: 0.7071068
      objectReference: {fileID: 0}
    - target: {fileID: 2493243346043288417, guid: 562045ebe5b390a45ba54f8cf1a99d6f,
        type: 3}
      propertyPath: m_LocalRotation.y
      value: -0
      objectReference: {fileID: 0}
    - target: {fileID: 2493243346043288417, guid: 562045ebe5b390a45ba54f8cf1a99d6f,
        type: 3}
      propertyPath: m_LocalRotation.z
      value: -0
      objectReference: {fileID: 0}
    - target: {fileID: 2493243346043288417, guid: 562045ebe5b390a45ba54f8cf1a99d6f,
        type: 3}
      propertyPath: m_LocalEulerAnglesHint.x
      value: 90
      objectReference: {fileID: 0}
    - target: {fileID: 2493243346043288417, guid: 562045ebe5b390a45ba54f8cf1a99d6f,
        type: 3}
      propertyPath: m_LocalEulerAnglesHint.y
      value: 0
      objectReference: {fileID: 0}
    - target: {fileID: 2493243346043288417, guid: 562045ebe5b390a45ba54f8cf1a99d6f,
        type: 3}
      propertyPath: m_LocalEulerAnglesHint.z
      value: 0
      objectReference: {fileID: 0}
    - target: {fileID: 2493243346043288444, guid: 562045ebe5b390a45ba54f8cf1a99d6f,
        type: 3}
      propertyPath: m_Name
      value: Snow Effect
      objectReference: {fileID: 0}
    - target: {fileID: 2493243346043288444, guid: 562045ebe5b390a45ba54f8cf1a99d6f,
        type: 3}
      propertyPath: m_Layer
      value: 5
      objectReference: {fileID: 0}
    - target: {fileID: 2493243346043288447, guid: 562045ebe5b390a45ba54f8cf1a99d6f,
        type: 3}
      propertyPath: m_SortingLayer
      value: 1
      objectReference: {fileID: 0}
    - target: {fileID: 2493243346043288447, guid: 562045ebe5b390a45ba54f8cf1a99d6f,
        type: 3}
      propertyPath: m_SortingLayerID
      value: 46648379
      objectReference: {fileID: 0}
    m_RemovedComponents: []
  m_SourcePrefab: {fileID: 100100000, guid: 562045ebe5b390a45ba54f8cf1a99d6f, type: 3}
--- !u!1001 &1376771693
PrefabInstance:
  m_ObjectHideFlags: 0
  serializedVersion: 2
  m_Modification:
    m_TransformParent: {fileID: 216910853}
    m_Modifications:
    - target: {fileID: 1484939122296017470, guid: 785c879ccae0d3040b7420dabe43923e,
        type: 3}
      propertyPath: m_Materials.Array.data[0]
      value: 
      objectReference: {fileID: 0}
    - target: {fileID: 4581071654575013969, guid: 785c879ccae0d3040b7420dabe43923e,
        type: 3}
      propertyPath: m_RootOrder
      value: 8
      objectReference: {fileID: 0}
    - target: {fileID: 4581071654575013969, guid: 785c879ccae0d3040b7420dabe43923e,
        type: 3}
      propertyPath: m_LocalPosition.x
      value: -4.43
      objectReference: {fileID: 0}
    - target: {fileID: 4581071654575013969, guid: 785c879ccae0d3040b7420dabe43923e,
        type: 3}
      propertyPath: m_LocalPosition.y
      value: -1.86
      objectReference: {fileID: 0}
    - target: {fileID: 4581071654575013969, guid: 785c879ccae0d3040b7420dabe43923e,
        type: 3}
      propertyPath: m_LocalPosition.z
      value: 0
      objectReference: {fileID: 0}
    - target: {fileID: 4581071654575013969, guid: 785c879ccae0d3040b7420dabe43923e,
        type: 3}
      propertyPath: m_LocalRotation.w
      value: 1
      objectReference: {fileID: 0}
    - target: {fileID: 4581071654575013969, guid: 785c879ccae0d3040b7420dabe43923e,
        type: 3}
      propertyPath: m_LocalRotation.x
      value: -0
      objectReference: {fileID: 0}
    - target: {fileID: 4581071654575013969, guid: 785c879ccae0d3040b7420dabe43923e,
        type: 3}
      propertyPath: m_LocalRotation.y
      value: -0
      objectReference: {fileID: 0}
    - target: {fileID: 4581071654575013969, guid: 785c879ccae0d3040b7420dabe43923e,
        type: 3}
      propertyPath: m_LocalRotation.z
      value: -0
      objectReference: {fileID: 0}
    - target: {fileID: 4581071654575013969, guid: 785c879ccae0d3040b7420dabe43923e,
        type: 3}
      propertyPath: m_LocalEulerAnglesHint.x
      value: 0
      objectReference: {fileID: 0}
    - target: {fileID: 4581071654575013969, guid: 785c879ccae0d3040b7420dabe43923e,
        type: 3}
      propertyPath: m_LocalEulerAnglesHint.y
      value: 0
      objectReference: {fileID: 0}
    - target: {fileID: 4581071654575013969, guid: 785c879ccae0d3040b7420dabe43923e,
        type: 3}
      propertyPath: m_LocalEulerAnglesHint.z
      value: 0
      objectReference: {fileID: 0}
    - target: {fileID: 6362299182746403731, guid: 785c879ccae0d3040b7420dabe43923e,
        type: 3}
      propertyPath: m_Name
      value: PlatformSmall1 (1)
      objectReference: {fileID: 0}
    m_RemovedComponents: []
  m_SourcePrefab: {fileID: 100100000, guid: 785c879ccae0d3040b7420dabe43923e, type: 3}
--- !u!4 &1376771694 stripped
Transform:
  m_CorrespondingSourceObject: {fileID: 4581071654575013969, guid: 785c879ccae0d3040b7420dabe43923e,
    type: 3}
  m_PrefabInstance: {fileID: 1376771693}
  m_PrefabAsset: {fileID: 0}
--- !u!1001 &1497579899
PrefabInstance:
  m_ObjectHideFlags: 0
  serializedVersion: 2
  m_Modification:
    m_TransformParent: {fileID: 0}
    m_Modifications:
    - target: {fileID: 1981368041, guid: 96167be89f337ab4590a675f90c3a50d, type: 3}
      propertyPath: m_SizeDelta.x
      value: 310.41
      objectReference: {fileID: 0}
    - target: {fileID: 1981368041, guid: 96167be89f337ab4590a675f90c3a50d, type: 3}
      propertyPath: m_SizeDelta.y
      value: 91.03
      objectReference: {fileID: 0}
    - target: {fileID: 1981368041, guid: 96167be89f337ab4590a675f90c3a50d, type: 3}
      propertyPath: m_AnchoredPosition.x
      value: 0
      objectReference: {fileID: 0}
    - target: {fileID: 1981368041, guid: 96167be89f337ab4590a675f90c3a50d, type: 3}
      propertyPath: m_AnchoredPosition.y
      value: 54.129974
      objectReference: {fileID: 0}
    - target: {fileID: 1981368042, guid: 96167be89f337ab4590a675f90c3a50d, type: 3}
      propertyPath: m_FontData.m_BestFit
      value: 1
      objectReference: {fileID: 0}
    - target: {fileID: 1981368042, guid: 96167be89f337ab4590a675f90c3a50d, type: 3}
      propertyPath: m_FontData.m_MinSize
      value: 4
      objectReference: {fileID: 0}
    - target: {fileID: 1981368042, guid: 96167be89f337ab4590a675f90c3a50d, type: 3}
      propertyPath: m_FontData.m_FontSize
      value: 40
      objectReference: {fileID: 0}
    - target: {fileID: 1981368042, guid: 96167be89f337ab4590a675f90c3a50d, type: 3}
      propertyPath: m_FontData.m_Alignment
      value: 1
      objectReference: {fileID: 0}
    - target: {fileID: 7092839484039648201, guid: 96167be89f337ab4590a675f90c3a50d,
        type: 3}
      propertyPath: m_Name
      value: SceneController
      objectReference: {fileID: 0}
    - target: {fileID: 7092839484039648206, guid: 96167be89f337ab4590a675f90c3a50d,
        type: 3}
      propertyPath: hatSpawn
      value: 
      objectReference: {fileID: 5672711700598946216}
    - target: {fileID: 7092839484039648206, guid: 96167be89f337ab4590a675f90c3a50d,
        type: 3}
      propertyPath: mainCamera
      value: 
      objectReference: {fileID: 519420031}
    - target: {fileID: 7092839484039648206, guid: 96167be89f337ab4590a675f90c3a50d,
        type: 3}
      propertyPath: pixelationCamera
      value: 
      objectReference: {fileID: 0}
    - target: {fileID: 7092839484039648207, guid: 96167be89f337ab4590a675f90c3a50d,
        type: 3}
      propertyPath: m_RootOrder
      value: 1
      objectReference: {fileID: 0}
    - target: {fileID: 7092839484039648207, guid: 96167be89f337ab4590a675f90c3a50d,
        type: 3}
      propertyPath: m_LocalPosition.x
      value: 0
      objectReference: {fileID: 0}
    - target: {fileID: 7092839484039648207, guid: 96167be89f337ab4590a675f90c3a50d,
        type: 3}
      propertyPath: m_LocalPosition.y
      value: 0
      objectReference: {fileID: 0}
    - target: {fileID: 7092839484039648207, guid: 96167be89f337ab4590a675f90c3a50d,
        type: 3}
      propertyPath: m_LocalPosition.z
      value: 0
      objectReference: {fileID: 0}
    - target: {fileID: 7092839484039648207, guid: 96167be89f337ab4590a675f90c3a50d,
        type: 3}
      propertyPath: m_LocalRotation.w
      value: 1
      objectReference: {fileID: 0}
    - target: {fileID: 7092839484039648207, guid: 96167be89f337ab4590a675f90c3a50d,
        type: 3}
      propertyPath: m_LocalRotation.x
      value: 0
      objectReference: {fileID: 0}
    - target: {fileID: 7092839484039648207, guid: 96167be89f337ab4590a675f90c3a50d,
        type: 3}
      propertyPath: m_LocalRotation.y
      value: 0
      objectReference: {fileID: 0}
    - target: {fileID: 7092839484039648207, guid: 96167be89f337ab4590a675f90c3a50d,
        type: 3}
      propertyPath: m_LocalRotation.z
      value: 0
      objectReference: {fileID: 0}
    - target: {fileID: 7092839484039648207, guid: 96167be89f337ab4590a675f90c3a50d,
        type: 3}
      propertyPath: m_LocalEulerAnglesHint.x
      value: 0
      objectReference: {fileID: 0}
    - target: {fileID: 7092839484039648207, guid: 96167be89f337ab4590a675f90c3a50d,
        type: 3}
      propertyPath: m_LocalEulerAnglesHint.y
      value: 0
      objectReference: {fileID: 0}
    - target: {fileID: 7092839484039648207, guid: 96167be89f337ab4590a675f90c3a50d,
        type: 3}
      propertyPath: m_LocalEulerAnglesHint.z
      value: 0
      objectReference: {fileID: 0}
    m_RemovedComponents: []
  m_SourcePrefab: {fileID: 100100000, guid: 96167be89f337ab4590a675f90c3a50d, type: 3}
--- !u!1001 &1543683679
PrefabInstance:
  m_ObjectHideFlags: 0
  serializedVersion: 2
  m_Modification:
    m_TransformParent: {fileID: 216910853}
    m_Modifications:
    - target: {fileID: 3420586470066010378, guid: 0f8cc3f6fc6cfa5448ff6e8008aeff7d,
        type: 3}
      propertyPath: m_Name
      value: DisappearedPlatform (2)
      objectReference: {fileID: 0}
    - target: {fileID: 5233196259042343624, guid: 0f8cc3f6fc6cfa5448ff6e8008aeff7d,
        type: 3}
      propertyPath: m_RootOrder
      value: 7
      objectReference: {fileID: 0}
    - target: {fileID: 5233196259042343624, guid: 0f8cc3f6fc6cfa5448ff6e8008aeff7d,
        type: 3}
      propertyPath: m_LocalPosition.x
      value: 6.69
      objectReference: {fileID: 0}
    - target: {fileID: 5233196259042343624, guid: 0f8cc3f6fc6cfa5448ff6e8008aeff7d,
        type: 3}
      propertyPath: m_LocalPosition.y
      value: -1.89
      objectReference: {fileID: 0}
    - target: {fileID: 5233196259042343624, guid: 0f8cc3f6fc6cfa5448ff6e8008aeff7d,
        type: 3}
      propertyPath: m_LocalPosition.z
      value: 0
      objectReference: {fileID: 0}
    - target: {fileID: 5233196259042343624, guid: 0f8cc3f6fc6cfa5448ff6e8008aeff7d,
        type: 3}
      propertyPath: m_LocalRotation.w
      value: 1
      objectReference: {fileID: 0}
    - target: {fileID: 5233196259042343624, guid: 0f8cc3f6fc6cfa5448ff6e8008aeff7d,
        type: 3}
      propertyPath: m_LocalRotation.x
      value: -0
      objectReference: {fileID: 0}
    - target: {fileID: 5233196259042343624, guid: 0f8cc3f6fc6cfa5448ff6e8008aeff7d,
        type: 3}
      propertyPath: m_LocalRotation.y
      value: -0
      objectReference: {fileID: 0}
    - target: {fileID: 5233196259042343624, guid: 0f8cc3f6fc6cfa5448ff6e8008aeff7d,
        type: 3}
      propertyPath: m_LocalRotation.z
      value: -0
      objectReference: {fileID: 0}
    - target: {fileID: 5233196259042343624, guid: 0f8cc3f6fc6cfa5448ff6e8008aeff7d,
        type: 3}
      propertyPath: m_LocalEulerAnglesHint.x
      value: 0
      objectReference: {fileID: 0}
    - target: {fileID: 5233196259042343624, guid: 0f8cc3f6fc6cfa5448ff6e8008aeff7d,
        type: 3}
      propertyPath: m_LocalEulerAnglesHint.y
      value: 0
      objectReference: {fileID: 0}
    - target: {fileID: 5233196259042343624, guid: 0f8cc3f6fc6cfa5448ff6e8008aeff7d,
        type: 3}
      propertyPath: m_LocalEulerAnglesHint.z
      value: 0
      objectReference: {fileID: 0}
    - target: {fileID: 7181165953040378023, guid: 0f8cc3f6fc6cfa5448ff6e8008aeff7d,
        type: 3}
      propertyPath: m_Materials.Array.data[0]
      value: 
      objectReference: {fileID: 0}
    m_RemovedComponents: []
  m_SourcePrefab: {fileID: 100100000, guid: 0f8cc3f6fc6cfa5448ff6e8008aeff7d, type: 3}
--- !u!4 &1543683680 stripped
Transform:
  m_CorrespondingSourceObject: {fileID: 5233196259042343624, guid: 0f8cc3f6fc6cfa5448ff6e8008aeff7d,
    type: 3}
  m_PrefabInstance: {fileID: 1543683679}
  m_PrefabAsset: {fileID: 0}
--- !u!1 &1600683673
GameObject:
  m_ObjectHideFlags: 0
  m_CorrespondingSourceObject: {fileID: 0}
  m_PrefabInstance: {fileID: 0}
  m_PrefabAsset: {fileID: 0}
  serializedVersion: 6
  m_Component:
  - component: {fileID: 1600683676}
  - component: {fileID: 1600683675}
  - component: {fileID: 1600683674}
  m_Layer: 0
  m_Name: EventSystem
  m_TagString: Untagged
  m_Icon: {fileID: 0}
  m_NavMeshLayer: 0
  m_StaticEditorFlags: 0
  m_IsActive: 1
--- !u!114 &1600683674
MonoBehaviour:
  m_ObjectHideFlags: 0
  m_CorrespondingSourceObject: {fileID: 0}
  m_PrefabInstance: {fileID: 0}
  m_PrefabAsset: {fileID: 0}
  m_GameObject: {fileID: 1600683673}
  m_Enabled: 1
  m_EditorHideFlags: 0
  m_Script: {fileID: 11500000, guid: 4f231c4fb786f3946a6b90b886c48677, type: 3}
  m_Name: 
  m_EditorClassIdentifier: 
  m_HorizontalAxis: Horizontal
  m_VerticalAxis: Vertical
  m_SubmitButton: Submit
  m_CancelButton: Cancel
  m_InputActionsPerSecond: 10
  m_RepeatDelay: 0.5
  m_ForceModuleActive: 0
--- !u!114 &1600683675
MonoBehaviour:
  m_ObjectHideFlags: 0
  m_CorrespondingSourceObject: {fileID: 0}
  m_PrefabInstance: {fileID: 0}
  m_PrefabAsset: {fileID: 0}
  m_GameObject: {fileID: 1600683673}
  m_Enabled: 1
  m_EditorHideFlags: 0
  m_Script: {fileID: 11500000, guid: 76c392e42b5098c458856cdf6ecaaaa1, type: 3}
  m_Name: 
  m_EditorClassIdentifier: 
  m_FirstSelected: {fileID: 0}
  m_sendNavigationEvents: 1
  m_DragThreshold: 10
--- !u!4 &1600683676
Transform:
  m_ObjectHideFlags: 0
  m_CorrespondingSourceObject: {fileID: 0}
  m_PrefabInstance: {fileID: 0}
  m_PrefabAsset: {fileID: 0}
  m_GameObject: {fileID: 1600683673}
  m_LocalRotation: {x: 0, y: 0, z: 0, w: 1}
  m_LocalPosition: {x: 0, y: 0, z: 0}
  m_LocalScale: {x: 1, y: 1, z: 1}
  m_Children: []
  m_Father: {fileID: 0}
  m_RootOrder: 6
  m_LocalEulerAnglesHint: {x: 0, y: 0, z: 0}
--- !u!1001 &1691713924
PrefabInstance:
  m_ObjectHideFlags: 0
  serializedVersion: 2
  m_Modification:
    m_TransformParent: {fileID: 216910853}
    m_Modifications:
    - target: {fileID: 1484939122296017470, guid: 785c879ccae0d3040b7420dabe43923e,
        type: 3}
      propertyPath: m_Materials.Array.data[0]
      value: 
      objectReference: {fileID: 0}
    - target: {fileID: 4581071654575013969, guid: 785c879ccae0d3040b7420dabe43923e,
        type: 3}
      propertyPath: m_RootOrder
      value: 3
      objectReference: {fileID: 0}
    - target: {fileID: 4581071654575013969, guid: 785c879ccae0d3040b7420dabe43923e,
        type: 3}
      propertyPath: m_LocalPosition.x
      value: -7.2
      objectReference: {fileID: 0}
    - target: {fileID: 4581071654575013969, guid: 785c879ccae0d3040b7420dabe43923e,
        type: 3}
      propertyPath: m_LocalPosition.y
      value: -0.8
      objectReference: {fileID: 0}
    - target: {fileID: 4581071654575013969, guid: 785c879ccae0d3040b7420dabe43923e,
        type: 3}
      propertyPath: m_LocalPosition.z
      value: 0
      objectReference: {fileID: 0}
    - target: {fileID: 4581071654575013969, guid: 785c879ccae0d3040b7420dabe43923e,
        type: 3}
      propertyPath: m_LocalRotation.w
      value: 1
      objectReference: {fileID: 0}
    - target: {fileID: 4581071654575013969, guid: 785c879ccae0d3040b7420dabe43923e,
        type: 3}
      propertyPath: m_LocalRotation.x
      value: -0
      objectReference: {fileID: 0}
    - target: {fileID: 4581071654575013969, guid: 785c879ccae0d3040b7420dabe43923e,
        type: 3}
      propertyPath: m_LocalRotation.y
      value: -0
      objectReference: {fileID: 0}
    - target: {fileID: 4581071654575013969, guid: 785c879ccae0d3040b7420dabe43923e,
        type: 3}
      propertyPath: m_LocalRotation.z
      value: -0
      objectReference: {fileID: 0}
    - target: {fileID: 4581071654575013969, guid: 785c879ccae0d3040b7420dabe43923e,
        type: 3}
      propertyPath: m_LocalEulerAnglesHint.x
      value: 0
      objectReference: {fileID: 0}
    - target: {fileID: 4581071654575013969, guid: 785c879ccae0d3040b7420dabe43923e,
        type: 3}
      propertyPath: m_LocalEulerAnglesHint.y
      value: 0
      objectReference: {fileID: 0}
    - target: {fileID: 4581071654575013969, guid: 785c879ccae0d3040b7420dabe43923e,
        type: 3}
      propertyPath: m_LocalEulerAnglesHint.z
      value: 0
      objectReference: {fileID: 0}
    - target: {fileID: 6362299182746403731, guid: 785c879ccae0d3040b7420dabe43923e,
        type: 3}
      propertyPath: m_Name
      value: PlatformSmall3
      objectReference: {fileID: 0}
    m_RemovedComponents: []
  m_SourcePrefab: {fileID: 100100000, guid: 785c879ccae0d3040b7420dabe43923e, type: 3}
--- !u!4 &1691713925 stripped
Transform:
  m_CorrespondingSourceObject: {fileID: 4581071654575013969, guid: 785c879ccae0d3040b7420dabe43923e,
    type: 3}
  m_PrefabInstance: {fileID: 1691713924}
  m_PrefabAsset: {fileID: 0}
--- !u!1001 &2131865052
PrefabInstance:
  m_ObjectHideFlags: 0
  serializedVersion: 2
  m_Modification:
    m_TransformParent: {fileID: 216910853}
    m_Modifications:
    - target: {fileID: 1484939122296017470, guid: 785c879ccae0d3040b7420dabe43923e,
        type: 3}
      propertyPath: m_Materials.Array.data[0]
      value: 
      objectReference: {fileID: 0}
    - target: {fileID: 4581071654575013969, guid: 785c879ccae0d3040b7420dabe43923e,
        type: 3}
      propertyPath: m_RootOrder
      value: 4
      objectReference: {fileID: 0}
    - target: {fileID: 4581071654575013969, guid: 785c879ccae0d3040b7420dabe43923e,
        type: 3}
      propertyPath: m_LocalPosition.x
      value: -3.96
      objectReference: {fileID: 0}
    - target: {fileID: 4581071654575013969, guid: 785c879ccae0d3040b7420dabe43923e,
        type: 3}
      propertyPath: m_LocalPosition.y
      value: 0.84
      objectReference: {fileID: 0}
    - target: {fileID: 4581071654575013969, guid: 785c879ccae0d3040b7420dabe43923e,
        type: 3}
      propertyPath: m_LocalPosition.z
      value: 0
      objectReference: {fileID: 0}
    - target: {fileID: 4581071654575013969, guid: 785c879ccae0d3040b7420dabe43923e,
        type: 3}
      propertyPath: m_LocalRotation.w
      value: 1
      objectReference: {fileID: 0}
    - target: {fileID: 4581071654575013969, guid: 785c879ccae0d3040b7420dabe43923e,
        type: 3}
      propertyPath: m_LocalRotation.x
      value: -0
      objectReference: {fileID: 0}
    - target: {fileID: 4581071654575013969, guid: 785c879ccae0d3040b7420dabe43923e,
        type: 3}
      propertyPath: m_LocalRotation.y
      value: -0
      objectReference: {fileID: 0}
    - target: {fileID: 4581071654575013969, guid: 785c879ccae0d3040b7420dabe43923e,
        type: 3}
      propertyPath: m_LocalRotation.z
      value: -0
      objectReference: {fileID: 0}
    - target: {fileID: 4581071654575013969, guid: 785c879ccae0d3040b7420dabe43923e,
        type: 3}
      propertyPath: m_LocalEulerAnglesHint.x
      value: 0
      objectReference: {fileID: 0}
    - target: {fileID: 4581071654575013969, guid: 785c879ccae0d3040b7420dabe43923e,
        type: 3}
      propertyPath: m_LocalEulerAnglesHint.y
      value: 0
      objectReference: {fileID: 0}
    - target: {fileID: 4581071654575013969, guid: 785c879ccae0d3040b7420dabe43923e,
        type: 3}
      propertyPath: m_LocalEulerAnglesHint.z
      value: 0
      objectReference: {fileID: 0}
    - target: {fileID: 6362299182746403731, guid: 785c879ccae0d3040b7420dabe43923e,
        type: 3}
      propertyPath: m_Name
      value: PlatformSmall4
      objectReference: {fileID: 0}
    m_RemovedComponents: []
  m_SourcePrefab: {fileID: 100100000, guid: 785c879ccae0d3040b7420dabe43923e, type: 3}
--- !u!4 &2131865053 stripped
Transform:
  m_CorrespondingSourceObject: {fileID: 4581071654575013969, guid: 785c879ccae0d3040b7420dabe43923e,
    type: 3}
  m_PrefabInstance: {fileID: 2131865052}
  m_PrefabAsset: {fileID: 0}
--- !u!1001 &611854979122234746
PrefabInstance:
  m_ObjectHideFlags: 0
  serializedVersion: 2
  m_Modification:
    m_TransformParent: {fileID: 216910853}
    m_Modifications:
    - target: {fileID: 1922708818059019718, guid: 4e99e14d65876a74b8f75a306f6cb073,
        type: 3}
      propertyPath: m_Name
      value: SpikesPlatform
      objectReference: {fileID: 0}
    - target: {fileID: 2525558490784304674, guid: 4e99e14d65876a74b8f75a306f6cb073,
        type: 3}
      propertyPath: m_Materials.Array.data[0]
      value: 
      objectReference: {fileID: 0}
    - target: {fileID: 4804097882932157166, guid: 4e99e14d65876a74b8f75a306f6cb073,
        type: 3}
      propertyPath: m_Materials.Array.data[0]
      value: 
      objectReference: {fileID: 0}
    - target: {fileID: 6232463317935854699, guid: 4e99e14d65876a74b8f75a306f6cb073,
        type: 3}
      propertyPath: m_Materials.Array.data[0]
      value: 
      objectReference: {fileID: 0}
    - target: {fileID: 8529471710518515589, guid: 4e99e14d65876a74b8f75a306f6cb073,
        type: 3}
      propertyPath: m_Materials.Array.data[0]
      value: 
      objectReference: {fileID: 0}
    - target: {fileID: 9040558968111285764, guid: 4e99e14d65876a74b8f75a306f6cb073,
        type: 3}
      propertyPath: m_RootOrder
      value: 6
      objectReference: {fileID: 0}
    - target: {fileID: 9040558968111285764, guid: 4e99e14d65876a74b8f75a306f6cb073,
        type: 3}
      propertyPath: m_LocalPosition.x
      value: 1.15
      objectReference: {fileID: 0}
    - target: {fileID: 9040558968111285764, guid: 4e99e14d65876a74b8f75a306f6cb073,
        type: 3}
      propertyPath: m_LocalPosition.y
      value: -4.37
      objectReference: {fileID: 0}
    - target: {fileID: 9040558968111285764, guid: 4e99e14d65876a74b8f75a306f6cb073,
        type: 3}
      propertyPath: m_LocalPosition.z
      value: 0
      objectReference: {fileID: 0}
    - target: {fileID: 9040558968111285764, guid: 4e99e14d65876a74b8f75a306f6cb073,
        type: 3}
      propertyPath: m_LocalRotation.w
      value: 1
      objectReference: {fileID: 0}
    - target: {fileID: 9040558968111285764, guid: 4e99e14d65876a74b8f75a306f6cb073,
        type: 3}
      propertyPath: m_LocalRotation.x
      value: -0
      objectReference: {fileID: 0}
    - target: {fileID: 9040558968111285764, guid: 4e99e14d65876a74b8f75a306f6cb073,
        type: 3}
      propertyPath: m_LocalRotation.y
      value: -0
      objectReference: {fileID: 0}
    - target: {fileID: 9040558968111285764, guid: 4e99e14d65876a74b8f75a306f6cb073,
        type: 3}
      propertyPath: m_LocalRotation.z
      value: -0
      objectReference: {fileID: 0}
    - target: {fileID: 9040558968111285764, guid: 4e99e14d65876a74b8f75a306f6cb073,
        type: 3}
      propertyPath: m_LocalEulerAnglesHint.x
      value: 0
      objectReference: {fileID: 0}
    - target: {fileID: 9040558968111285764, guid: 4e99e14d65876a74b8f75a306f6cb073,
        type: 3}
      propertyPath: m_LocalEulerAnglesHint.y
      value: 0
      objectReference: {fileID: 0}
    - target: {fileID: 9040558968111285764, guid: 4e99e14d65876a74b8f75a306f6cb073,
        type: 3}
      propertyPath: m_LocalEulerAnglesHint.z
      value: 0
      objectReference: {fileID: 0}
    m_RemovedComponents: []
  m_SourcePrefab: {fileID: 100100000, guid: 4e99e14d65876a74b8f75a306f6cb073, type: 3}
--- !u!1001 &3501608178941820404
PrefabInstance:
  m_ObjectHideFlags: 0
  serializedVersion: 2
  m_Modification:
    m_TransformParent: {fileID: 216910853}
    m_Modifications:
    - target: {fileID: 833048770627706611, guid: 26e15f9cb019a4c429f853ef1efeb4ea,
        type: 3}
      propertyPath: m_RootOrder
      value: 0
      objectReference: {fileID: 0}
    - target: {fileID: 833048770627706611, guid: 26e15f9cb019a4c429f853ef1efeb4ea,
        type: 3}
      propertyPath: m_LocalPosition.x
      value: -2.7
      objectReference: {fileID: 0}
    - target: {fileID: 833048770627706611, guid: 26e15f9cb019a4c429f853ef1efeb4ea,
        type: 3}
      propertyPath: m_LocalPosition.y
      value: -4.49
      objectReference: {fileID: 0}
    - target: {fileID: 833048770627706611, guid: 26e15f9cb019a4c429f853ef1efeb4ea,
        type: 3}
      propertyPath: m_LocalPosition.z
      value: 0
      objectReference: {fileID: 0}
    - target: {fileID: 833048770627706611, guid: 26e15f9cb019a4c429f853ef1efeb4ea,
        type: 3}
      propertyPath: m_LocalRotation.w
      value: 1
      objectReference: {fileID: 0}
    - target: {fileID: 833048770627706611, guid: 26e15f9cb019a4c429f853ef1efeb4ea,
        type: 3}
      propertyPath: m_LocalRotation.x
      value: -0
      objectReference: {fileID: 0}
    - target: {fileID: 833048770627706611, guid: 26e15f9cb019a4c429f853ef1efeb4ea,
        type: 3}
      propertyPath: m_LocalRotation.y
      value: -0
      objectReference: {fileID: 0}
    - target: {fileID: 833048770627706611, guid: 26e15f9cb019a4c429f853ef1efeb4ea,
        type: 3}
      propertyPath: m_LocalRotation.z
      value: -0
      objectReference: {fileID: 0}
    - target: {fileID: 833048770627706611, guid: 26e15f9cb019a4c429f853ef1efeb4ea,
        type: 3}
      propertyPath: m_LocalEulerAnglesHint.x
      value: 0
      objectReference: {fileID: 0}
    - target: {fileID: 833048770627706611, guid: 26e15f9cb019a4c429f853ef1efeb4ea,
        type: 3}
      propertyPath: m_LocalEulerAnglesHint.y
      value: 0
      objectReference: {fileID: 0}
    - target: {fileID: 833048770627706611, guid: 26e15f9cb019a4c429f853ef1efeb4ea,
        type: 3}
      propertyPath: m_LocalEulerAnglesHint.z
      value: 0
      objectReference: {fileID: 0}
    - target: {fileID: 2343905177461968028, guid: 26e15f9cb019a4c429f853ef1efeb4ea,
        type: 3}
      propertyPath: m_Materials.Array.data[0]
      value: 
      objectReference: {fileID: 0}
    - target: {fileID: 7806924470123404593, guid: 26e15f9cb019a4c429f853ef1efeb4ea,
        type: 3}
      propertyPath: m_Name
      value: PlatformBig
      objectReference: {fileID: 0}
    m_RemovedComponents: []
  m_SourcePrefab: {fileID: 100100000, guid: 26e15f9cb019a4c429f853ef1efeb4ea, type: 3}
--- !u!4 &4258051636917363463 stripped
Transform:
  m_CorrespondingSourceObject: {fileID: 833048770627706611, guid: 26e15f9cb019a4c429f853ef1efeb4ea,
    type: 3}
  m_PrefabInstance: {fileID: 3501608178941820404}
  m_PrefabAsset: {fileID: 0}
--- !u!4 &4581071653048945068 stripped
Transform:
  m_CorrespondingSourceObject: {fileID: 5233196259042343624, guid: 0f8cc3f6fc6cfa5448ff6e8008aeff7d,
    type: 3}
  m_PrefabInstance: {fileID: 8589261831653503844}
  m_PrefabAsset: {fileID: 0}
--- !u!4 &5538217451564298391 stripped
Transform:
  m_CorrespondingSourceObject: {fileID: 4581071654575013969, guid: 785c879ccae0d3040b7420dabe43923e,
    type: 3}
  m_PrefabInstance: {fileID: 8307046777288519878}
  m_PrefabAsset: {fileID: 0}
--- !u!1001 &5672711700598946214
PrefabInstance:
  m_ObjectHideFlags: 0
  serializedVersion: 2
  m_Modification:
    m_TransformParent: {fileID: 9085630}
    m_Modifications:
    - target: {fileID: 2602863810790944684, guid: 59a12ebb1722a0f40880967ce543f9c9,
        type: 3}
      propertyPath: m_RootOrder
      value: 1
      objectReference: {fileID: 0}
    - target: {fileID: 2602863810790944684, guid: 59a12ebb1722a0f40880967ce543f9c9,
        type: 3}
      propertyPath: m_LocalPosition.x
      value: -7.26
      objectReference: {fileID: 0}
    - target: {fileID: 2602863810790944684, guid: 59a12ebb1722a0f40880967ce543f9c9,
        type: 3}
      propertyPath: m_LocalPosition.y
      value: -2.65
      objectReference: {fileID: 0}
    - target: {fileID: 2602863810790944684, guid: 59a12ebb1722a0f40880967ce543f9c9,
        type: 3}
      propertyPath: m_LocalPosition.z
      value: 0
      objectReference: {fileID: 0}
    - target: {fileID: 2602863810790944684, guid: 59a12ebb1722a0f40880967ce543f9c9,
        type: 3}
      propertyPath: m_LocalRotation.w
      value: 1
      objectReference: {fileID: 0}
    - target: {fileID: 2602863810790944684, guid: 59a12ebb1722a0f40880967ce543f9c9,
        type: 3}
      propertyPath: m_LocalRotation.x
      value: 0
      objectReference: {fileID: 0}
    - target: {fileID: 2602863810790944684, guid: 59a12ebb1722a0f40880967ce543f9c9,
        type: 3}
      propertyPath: m_LocalRotation.y
      value: 0
      objectReference: {fileID: 0}
    - target: {fileID: 2602863810790944684, guid: 59a12ebb1722a0f40880967ce543f9c9,
        type: 3}
      propertyPath: m_LocalRotation.z
      value: 0
      objectReference: {fileID: 0}
    - target: {fileID: 2602863810790944684, guid: 59a12ebb1722a0f40880967ce543f9c9,
        type: 3}
      propertyPath: m_LocalEulerAnglesHint.x
      value: 0
      objectReference: {fileID: 0}
    - target: {fileID: 2602863810790944684, guid: 59a12ebb1722a0f40880967ce543f9c9,
        type: 3}
      propertyPath: m_LocalEulerAnglesHint.y
      value: 0
      objectReference: {fileID: 0}
    - target: {fileID: 2602863810790944684, guid: 59a12ebb1722a0f40880967ce543f9c9,
        type: 3}
      propertyPath: m_LocalEulerAnglesHint.z
      value: 0
      objectReference: {fileID: 0}
    - target: {fileID: 2602863810790944685, guid: 59a12ebb1722a0f40880967ce543f9c9,
        type: 3}
      propertyPath: m_Name
      value: Player
      objectReference: {fileID: 0}
    m_RemovedComponents: []
  m_SourcePrefab: {fileID: 100100000, guid: 59a12ebb1722a0f40880967ce543f9c9, type: 3}
--- !u!4 &5672711700598946216 stripped
Transform:
  m_CorrespondingSourceObject: {fileID: 5464694579664908447, guid: 59a12ebb1722a0f40880967ce543f9c9,
    type: 3}
  m_PrefabInstance: {fileID: 5672711700598946214}
  m_PrefabAsset: {fileID: 0}
--- !u!1001 &6315556302077864077
PrefabInstance:
  m_ObjectHideFlags: 0
  serializedVersion: 2
  m_Modification:
    m_TransformParent: {fileID: 0}
    m_Modifications:
    - target: {fileID: 6315556302503294748, guid: 15d28323b231cb64cbd6a94c73f2d89b,
        type: 3}
      propertyPath: m_Name
      value: PostProcessing
      objectReference: {fileID: 0}
    - target: {fileID: 6315556302503294750, guid: 15d28323b231cb64cbd6a94c73f2d89b,
        type: 3}
      propertyPath: m_RootOrder
      value: 5
      objectReference: {fileID: 0}
    - target: {fileID: 6315556302503294750, guid: 15d28323b231cb64cbd6a94c73f2d89b,
        type: 3}
      propertyPath: m_LocalPosition.x
      value: 0
      objectReference: {fileID: 0}
    - target: {fileID: 6315556302503294750, guid: 15d28323b231cb64cbd6a94c73f2d89b,
        type: 3}
      propertyPath: m_LocalPosition.y
      value: 0
      objectReference: {fileID: 0}
    - target: {fileID: 6315556302503294750, guid: 15d28323b231cb64cbd6a94c73f2d89b,
        type: 3}
      propertyPath: m_LocalPosition.z
      value: 0
      objectReference: {fileID: 0}
    - target: {fileID: 6315556302503294750, guid: 15d28323b231cb64cbd6a94c73f2d89b,
        type: 3}
      propertyPath: m_LocalRotation.w
      value: 1
      objectReference: {fileID: 0}
    - target: {fileID: 6315556302503294750, guid: 15d28323b231cb64cbd6a94c73f2d89b,
        type: 3}
      propertyPath: m_LocalRotation.x
      value: 0
      objectReference: {fileID: 0}
    - target: {fileID: 6315556302503294750, guid: 15d28323b231cb64cbd6a94c73f2d89b,
        type: 3}
      propertyPath: m_LocalRotation.y
      value: 0
      objectReference: {fileID: 0}
    - target: {fileID: 6315556302503294750, guid: 15d28323b231cb64cbd6a94c73f2d89b,
        type: 3}
      propertyPath: m_LocalRotation.z
      value: 0
      objectReference: {fileID: 0}
    - target: {fileID: 6315556302503294750, guid: 15d28323b231cb64cbd6a94c73f2d89b,
        type: 3}
      propertyPath: m_LocalEulerAnglesHint.x
      value: 0
      objectReference: {fileID: 0}
    - target: {fileID: 6315556302503294750, guid: 15d28323b231cb64cbd6a94c73f2d89b,
        type: 3}
      propertyPath: m_LocalEulerAnglesHint.y
      value: 0
      objectReference: {fileID: 0}
    - target: {fileID: 6315556302503294750, guid: 15d28323b231cb64cbd6a94c73f2d89b,
        type: 3}
      propertyPath: m_LocalEulerAnglesHint.z
      value: 0
      objectReference: {fileID: 0}
    m_RemovedComponents: []
  m_SourcePrefab: {fileID: 100100000, guid: 15d28323b231cb64cbd6a94c73f2d89b, type: 3}
--- !u!1001 &7054873897631937712
PrefabInstance:
  m_ObjectHideFlags: 0
  serializedVersion: 2
  m_Modification:
    m_TransformParent: {fileID: 0}
    m_Modifications:
    - target: {fileID: 7054873897137691510, guid: 405e0362c227b8a4b9d2b33aa74f059f,
        type: 3}
      propertyPath: m_Name
      value: BackGround
      objectReference: {fileID: 0}
    - target: {fileID: 7054873897137691511, guid: 405e0362c227b8a4b9d2b33aa74f059f,
        type: 3}
      propertyPath: m_RootOrder
      value: 2
      objectReference: {fileID: 0}
    - target: {fileID: 7054873897137691511, guid: 405e0362c227b8a4b9d2b33aa74f059f,
        type: 3}
      propertyPath: m_LocalPosition.x
      value: 0
      objectReference: {fileID: 0}
    - target: {fileID: 7054873897137691511, guid: 405e0362c227b8a4b9d2b33aa74f059f,
        type: 3}
      propertyPath: m_LocalPosition.y
      value: 0
      objectReference: {fileID: 0}
    - target: {fileID: 7054873897137691511, guid: 405e0362c227b8a4b9d2b33aa74f059f,
        type: 3}
      propertyPath: m_LocalPosition.z
      value: 10
      objectReference: {fileID: 0}
    - target: {fileID: 7054873897137691511, guid: 405e0362c227b8a4b9d2b33aa74f059f,
        type: 3}
      propertyPath: m_LocalRotation.w
      value: 1
      objectReference: {fileID: 0}
    - target: {fileID: 7054873897137691511, guid: 405e0362c227b8a4b9d2b33aa74f059f,
        type: 3}
      propertyPath: m_LocalRotation.x
      value: 0
      objectReference: {fileID: 0}
    - target: {fileID: 7054873897137691511, guid: 405e0362c227b8a4b9d2b33aa74f059f,
        type: 3}
      propertyPath: m_LocalRotation.y
      value: 0
      objectReference: {fileID: 0}
    - target: {fileID: 7054873897137691511, guid: 405e0362c227b8a4b9d2b33aa74f059f,
        type: 3}
      propertyPath: m_LocalRotation.z
      value: 0
      objectReference: {fileID: 0}
    - target: {fileID: 7054873897137691511, guid: 405e0362c227b8a4b9d2b33aa74f059f,
        type: 3}
      propertyPath: m_LocalEulerAnglesHint.x
      value: 0
      objectReference: {fileID: 0}
    - target: {fileID: 7054873897137691511, guid: 405e0362c227b8a4b9d2b33aa74f059f,
        type: 3}
      propertyPath: m_LocalEulerAnglesHint.y
      value: 0
      objectReference: {fileID: 0}
    - target: {fileID: 7054873897137691511, guid: 405e0362c227b8a4b9d2b33aa74f059f,
        type: 3}
      propertyPath: m_LocalEulerAnglesHint.z
      value: 0
      objectReference: {fileID: 0}
    - target: {fileID: 7054873897624662171, guid: 405e0362c227b8a4b9d2b33aa74f059f,
        type: 3}
      propertyPath: m_FlipX
      value: 0
      objectReference: {fileID: 0}
    - target: {fileID: 7054873897624662171, guid: 405e0362c227b8a4b9d2b33aa74f059f,
        type: 3}
      propertyPath: m_Color.b
      value: 0.745283
      objectReference: {fileID: 0}
    - target: {fileID: 7054873897624662171, guid: 405e0362c227b8a4b9d2b33aa74f059f,
        type: 3}
      propertyPath: m_Color.g
      value: 0.39791176
      objectReference: {fileID: 0}
    - target: {fileID: 7054873897624662171, guid: 405e0362c227b8a4b9d2b33aa74f059f,
        type: 3}
      propertyPath: m_Color.r
      value: 0.03163936
      objectReference: {fileID: 0}
    - target: {fileID: 7054873897624662171, guid: 405e0362c227b8a4b9d2b33aa74f059f,
        type: 3}
      propertyPath: m_Materials.Array.data[0]
      value: 
      objectReference: {fileID: 2100000, guid: b6eff345b1ae91d4389fd6b64cd063a0, type: 2}
    m_RemovedComponents: []
  m_SourcePrefab: {fileID: 100100000, guid: 405e0362c227b8a4b9d2b33aa74f059f, type: 3}
--- !u!4 &7685040804079801866 stripped
Transform:
  m_CorrespondingSourceObject: {fileID: 2602863810790944684, guid: 59a12ebb1722a0f40880967ce543f9c9,
    type: 3}
  m_PrefabInstance: {fileID: 5672711700598946214}
  m_PrefabAsset: {fileID: 0}
--- !u!1001 &8307046777288519878
PrefabInstance:
  m_ObjectHideFlags: 0
  serializedVersion: 2
  m_Modification:
    m_TransformParent: {fileID: 216910853}
    m_Modifications:
    - target: {fileID: 1484939122296017470, guid: 785c879ccae0d3040b7420dabe43923e,
        type: 3}
      propertyPath: m_Materials.Array.data[0]
      value: 
      objectReference: {fileID: 0}
    - target: {fileID: 4581071654575013969, guid: 785c879ccae0d3040b7420dabe43923e,
        type: 3}
      propertyPath: m_RootOrder
      value: 1
      objectReference: {fileID: 0}
    - target: {fileID: 4581071654575013969, guid: 785c879ccae0d3040b7420dabe43923e,
        type: 3}
      propertyPath: m_LocalPosition.x
      value: -1.61
      objectReference: {fileID: 0}
    - target: {fileID: 4581071654575013969, guid: 785c879ccae0d3040b7420dabe43923e,
        type: 3}
      propertyPath: m_LocalPosition.y
      value: -3.29
      objectReference: {fileID: 0}
    - target: {fileID: 4581071654575013969, guid: 785c879ccae0d3040b7420dabe43923e,
        type: 3}
      propertyPath: m_LocalPosition.z
      value: 0
      objectReference: {fileID: 0}
    - target: {fileID: 4581071654575013969, guid: 785c879ccae0d3040b7420dabe43923e,
        type: 3}
      propertyPath: m_LocalRotation.w
      value: 1
      objectReference: {fileID: 0}
    - target: {fileID: 4581071654575013969, guid: 785c879ccae0d3040b7420dabe43923e,
        type: 3}
      propertyPath: m_LocalRotation.x
      value: -0
      objectReference: {fileID: 0}
    - target: {fileID: 4581071654575013969, guid: 785c879ccae0d3040b7420dabe43923e,
        type: 3}
      propertyPath: m_LocalRotation.y
      value: -0
      objectReference: {fileID: 0}
    - target: {fileID: 4581071654575013969, guid: 785c879ccae0d3040b7420dabe43923e,
        type: 3}
      propertyPath: m_LocalRotation.z
      value: -0
      objectReference: {fileID: 0}
    - target: {fileID: 4581071654575013969, guid: 785c879ccae0d3040b7420dabe43923e,
        type: 3}
      propertyPath: m_LocalEulerAnglesHint.x
      value: 0
      objectReference: {fileID: 0}
    - target: {fileID: 4581071654575013969, guid: 785c879ccae0d3040b7420dabe43923e,
        type: 3}
      propertyPath: m_LocalEulerAnglesHint.y
      value: 0
      objectReference: {fileID: 0}
    - target: {fileID: 4581071654575013969, guid: 785c879ccae0d3040b7420dabe43923e,
        type: 3}
      propertyPath: m_LocalEulerAnglesHint.z
      value: 0
      objectReference: {fileID: 0}
    - target: {fileID: 6362299182746403731, guid: 785c879ccae0d3040b7420dabe43923e,
        type: 3}
      propertyPath: m_Name
      value: PlatformSmall1
      objectReference: {fileID: 0}
    m_RemovedComponents: []
  m_SourcePrefab: {fileID: 100100000, guid: 785c879ccae0d3040b7420dabe43923e, type: 3}
--- !u!4 &8433899216477897598 stripped
Transform:
  m_CorrespondingSourceObject: {fileID: 9040558968111285764, guid: 4e99e14d65876a74b8f75a306f6cb073,
    type: 3}
  m_PrefabInstance: {fileID: 611854979122234746}
  m_PrefabAsset: {fileID: 0}
--- !u!1001 &8589261831653503844
PrefabInstance:
  m_ObjectHideFlags: 0
  serializedVersion: 2
  m_Modification:
    m_TransformParent: {fileID: 216910853}
    m_Modifications:
    - target: {fileID: 3420586470066010378, guid: 0f8cc3f6fc6cfa5448ff6e8008aeff7d,
        type: 3}
      propertyPath: m_Name
      value: DisappearedPlatform
      objectReference: {fileID: 0}
    - target: {fileID: 5233196259042343624, guid: 0f8cc3f6fc6cfa5448ff6e8008aeff7d,
        type: 3}
      propertyPath: m_RootOrder
      value: 5
      objectReference: {fileID: 0}
    - target: {fileID: 5233196259042343624, guid: 0f8cc3f6fc6cfa5448ff6e8008aeff7d,
        type: 3}
      propertyPath: m_LocalPosition.x
      value: 1.33
      objectReference: {fileID: 0}
    - target: {fileID: 5233196259042343624, guid: 0f8cc3f6fc6cfa5448ff6e8008aeff7d,
        type: 3}
      propertyPath: m_LocalPosition.y
      value: -1.79
      objectReference: {fileID: 0}
    - target: {fileID: 5233196259042343624, guid: 0f8cc3f6fc6cfa5448ff6e8008aeff7d,
        type: 3}
      propertyPath: m_LocalPosition.z
      value: 0
      objectReference: {fileID: 0}
    - target: {fileID: 5233196259042343624, guid: 0f8cc3f6fc6cfa5448ff6e8008aeff7d,
        type: 3}
      propertyPath: m_LocalRotation.w
      value: 1
      objectReference: {fileID: 0}
    - target: {fileID: 5233196259042343624, guid: 0f8cc3f6fc6cfa5448ff6e8008aeff7d,
        type: 3}
      propertyPath: m_LocalRotation.x
      value: -0
      objectReference: {fileID: 0}
    - target: {fileID: 5233196259042343624, guid: 0f8cc3f6fc6cfa5448ff6e8008aeff7d,
        type: 3}
      propertyPath: m_LocalRotation.y
      value: -0
      objectReference: {fileID: 0}
    - target: {fileID: 5233196259042343624, guid: 0f8cc3f6fc6cfa5448ff6e8008aeff7d,
        type: 3}
      propertyPath: m_LocalRotation.z
      value: -0
      objectReference: {fileID: 0}
    - target: {fileID: 5233196259042343624, guid: 0f8cc3f6fc6cfa5448ff6e8008aeff7d,
        type: 3}
      propertyPath: m_LocalEulerAnglesHint.x
      value: 0
      objectReference: {fileID: 0}
    - target: {fileID: 5233196259042343624, guid: 0f8cc3f6fc6cfa5448ff6e8008aeff7d,
        type: 3}
      propertyPath: m_LocalEulerAnglesHint.y
      value: 0
      objectReference: {fileID: 0}
    - target: {fileID: 5233196259042343624, guid: 0f8cc3f6fc6cfa5448ff6e8008aeff7d,
        type: 3}
      propertyPath: m_LocalEulerAnglesHint.z
      value: 0
      objectReference: {fileID: 0}
    - target: {fileID: 7181165953040378023, guid: 0f8cc3f6fc6cfa5448ff6e8008aeff7d,
        type: 3}
      propertyPath: m_Materials.Array.data[0]
      value: 
      objectReference: {fileID: 0}
    m_RemovedComponents: []
  m_SourcePrefab: {fileID: 100100000, guid: 0f8cc3f6fc6cfa5448ff6e8008aeff7d, type: 3}
